<record><leader>00000cas a2200000 a 4500</leader><controlfield tag="001">12228795</controlfield><controlfield tag="008">850703d188u1886ksudr ne      0    0eng d</controlfield><datafield ind1=" " ind2=" " tag="010"><subfield code="a">sn 85030396 </subfield></datafield><datafield ind1=" " ind2=" " tag="040"><subfield code="a">KSH</subfield><subfield code="b">eng</subfield><subfield code="c">KSH</subfield><subfield code="d">NPT</subfield><subfield code="d">OCL</subfield><subfield code="d">OCLCQ</subfield></datafield><datafield ind1=" " ind2=" " tag="042"><subfield code="a">msc</subfield></datafield><datafield ind1="0" ind2="4" tag="245"><subfield code="a">The Independence daily news.</subfield></datafield><datafield ind1=" " ind2=" " tag="260"><subfield code="a">Independence, Kan. :</subfield><subfield code="b">Porter, Stevenson &amp; Co.,</subfield><subfield code="c">-1886.</subfield></datafield><datafield ind1=" " ind2=" " tag="300"><subfield code="a">v. ;</subfield><subfield code="c">53 cm.</subfield></datafield><datafield ind1=" " ind2=" " tag="310"><subfield code="a">Daily (except Monday)</subfield></datafield><datafield ind1="0" ind2=" " tag="362"><subfield code="a">-v. 1, no. 172 (July 18, 1886).</subfield></datafield><datafield ind1=" " ind2=" " tag="500"><subfield code="a">Published by: A.J. Sullivan, May 4-June 20, 1886; News Pub. Co., June 22-July 17, 1886; A.J. Sullivan, July 18, 1886.</subfield></datafield><datafield ind1=" " ind2=" " tag="580"><subfield code="a">Issued also in a weekly edition called: Independence weekly news.</subfield></datafield><datafield ind1=" " ind2=" " tag="588"><subfield code="a">Description based on: Vol. 1, no. 72 (Mar. 23, 1886).</subfield></datafield><datafield ind1=" " ind2=" " tag="752"><subfield code="a">United States</subfield><subfield code="b">Kansas</subfield><subfield code="c">Montgomery</subfield><subfield code="d">Independence.</subfield></datafield><datafield ind1="1" ind2=" " tag="775"><subfield code="t">Independence weekly news (Independence, Kan.)</subfield><subfield code="w">(DLC)sn 85030431</subfield></datafield></record>